@book{lange2016mm,
  title={MM optimization algorithms},
  author={Lange, Kenneth},
  volume={147},
  year={2016},
  publisher={SIAM}
}

@book{dobson2008introduction,
  title={An introduction to generalized linear models},
  author={Dobson, Annette J and Barnett, Adrian G},
  year={2008},
  publisher={Chapman and Hall/CRC}
}

@book{lange2010numerical,
  title={Numerical analysis for statisticians},
  author={Lange, Kenneth},
  year={2010},
  publisher={Springer Science \& Business Media}
}