@misc{Acemoglu,
  title={{Lecture 3: Erdos-Renyi graphs and Branching Processes}},
  author={Acemoglu, Daron and Ozdaglar, Asu},
  howpublished="\url{http://economics.mit.edu/files/4621}",
  year={2009}
}

@misc{Ramchandran,
  title={{Random Graphs}},
  author={Ramchandran, Kannan},
  howpublished="\url{https://inst.eecs.berkeley.edu/~ee126/sp18/random-graphs.pdf}",
  year={2009}
}

@book{lange2010applied,
  title={Applied probability},
  author={Lange, Kenneth},
  year={2010},
  publisher={Springer Science \& Business Media}
}
